3088 4978
290 406 344 492 'tv

305 624 380 697 ssve
409 624 604 696 abhorreat
631 622 708 696 five
740 611 919 697 abstineat
955 621 1102 716 saltem,
1142 646 1224 700 non
1247 632 1388 726 poterit

304 773 429 825 tamen
460 775 541 822 non
563 743 759 846 'pereutere
784 749 976 840 animuin,
1017 757 1083 846 qui
1117 779 1268 844 ‚-‚amore
1299 745 1414 857 erga‘

301 907 380 954 rem
398 895 584 954 aeternam
602 897 637 951 et
653 879 840 950 infinitam
859 879 937 950 solo
956 881 1051 974 pasci
1068 881 1104 954 se
1120 880 1246 978 posse‘
1266 885 1385 976 sensit,
1410 891 1431 943 ·'

304 1011 444 1106 quique
477 1003 634 1096 „assidua
661 1007 906 1079 meditatione
929 1010 1186 1103 supervenit,
1219 1029 1263 1082 ut
1285 1001 1386 1086 vida

303 1154 377 1226 ret,
419 1103 478 1209 se“
501 1135 713 1206 omittendo
747 1157 884 1231 opum,
913 1137 1096 1208 ‘libidinis
1119 1139 1385 1236 honorumque

208 1315 216 1336 s
265 1235 273 1297 ‘³
301 1263 544 1360 cupiditatem
574 1285 655 1332 non
686 1259 755 1333 nili
786 1265 884 1336 mala
915 1281 1013 1337 certa
1045 1261 1263 1338 omissurum
1295 1255 1384 1358 esset

299 1397 341 1466 in
363 1393 441 1487 ipsa
457 1411 549 1465 vero
567 1385 854 1488 investigatione
870 1395 952 1465 veri
977 1388 1087 1482 boni,
1115 1389 1227 1466 etiam
1245 1390 1269 1464 st
1285 1395 1384 1466 illud

298 1503 458 1596 fortassts
488 1517 712 1593 assecuturus
742 1542 823 1594 non
852 1517 914 1611 sit,
953 1519 1111 1594 bonum¹
1130 1527 1382 1634 certumffita·

143 1659 145 1663 ’
234 1727 235 1730 ,
297 1676 386 1724 men
409 1647 573 1724 obtineri
596 1649 801 1744 praescivit.
853 1652 939 1722 Hoc
954 1650 1108 1732 demum
1123 1646 1381 1730 incensuastu·

297 1777 362 1851 dio
389 1781 655 1878 „cognitionem
680 1779 836 1863 unionis,
863 1801 977 1872 quem
1001 1797 1201 1850 manseram
1224 1793 1382 1850 totana·

296 1923 383 1977 turo
406 1905 537 1978 ltobet“
565 1905 657 1976 serio
675 1921 733 2001 εἰ,γ
760 1919 945 1999 quantum
969 1902 1051 1976 fieri
1066 1922 1227 1998 poterat,
1263 1905 1385 1977 conti·'

295 2056 372 2106 nue
397 2033 707 2106 meditationibus
731 2032 804 2104 suis
820 2023 1013 2125 praefixit.
1081 2029 1268 2104 Divinum
1293 2033 1384 2106 sane¹
1430 2051 1433 2056 '

296 2157 513 2239 consilium,
549 2161 651 2265 quod
676 2164 748 2234 ueri
772 2161 855 2232 boni
875 2184 954 2231 non
979 2159 1104 2252 potuit
1131 2183 1211 2232 non
1234 2164 1384 2255 partici-¹

293 2314 381 2385 pem
405 2287 559 2364 reddere
584 2275 796 2382 quaerentis
820 2274 1009 2370 animum,
1038 2287 1281 2378 quantumvis
1313 2287 1381 2360 sua
1457 2335 1460 2342 ·

293 2421 370 2490 veri
400 2410 687 2512 investigatione
717 2395 843 2510 (prout
882 2440 924 2486 ea
961 2413 1174 2484 communis
1212 2404 1370 2514 estsers

219 2609 222 2614 .
292 2543 552 2639 mortaliuml)
578 2544 730 2638 scopum
749 2535 980 2640 propofitum
995 2565 1075 2614 non
1100 2541 1244 2638 semper
1259 2563 1374 2646 aeque

257 2702 262 2712 ⁶
292 2669 455 2746 feliciter
481 2669 637 2768 attigisse
662 2671 844 2744 videatur.

393 2931 500 3004 Licet
528 2931 711 3002 nimirum
735 2927 777 3002 in
808 2915 1012 3002 Benedicto
1043 2922 1120 3002 duo
1147 2921 1374 3025 potiffimunt

290 3051 382 3149 fiat,
409 3085 504 3155 quae
521 3058 697 3133 demirari
713 3077 823 3155 atque
840 3037 962 3133 amare
984 3039 1179 3156 nunquam
1199 3043 1376 3150 desinam·

290 3187 416 3283 primo
431 3188 610 3264 videlicet
626 3191 792 3284 ingenua
811 3189 877 3259 illa
903 3189 1038 3277 animi,
1066 3211 1138 3282 qua
1156 3169 1372 3260 verum'bo·

279 3296 386 3389 ¹num
403 3316 559 3390 sectatus
579 3311 639 3396 est,
667 3311 809 3389 castitas
831 3317 1087 3410 ouittscunque
1103 3311 1377 3407 superstitionis

289 3441 366 3518 save
381 3445 441 3540 spe
457 3443 533 3519 srva
549 3442 939 3545 metulperinternam
954 3443 1033 3515 vim
1049 3429 1226 3538 superior,
1236 3439 1372 3516 deindo

288 3567 514 3662 systematis,
560 3575 662 3670 quod
685 3576 933 3671 excogitavit,
974 3569 1188 3668 simplicitas
1213 3565 1371 3643 mirifica

285 3725 485 3798 nexusque
499 3703 541 3773 in
557 3703 760 3799 cogitando
781 3718 863 3774 toto
880 3683 1112 3789 indivulsus‚‘
1138 3699 1215 3772 duo
1232 3713 1373 3779 tamen,

235 3821 240 3830 ⁸
288 3847 473 3924 quantum
493 3855 562 3928 ego
594 3831 747 3927 quidem
779 3827 964 3925 assequor,
997 3816 1155 3900 obfuisse
1179 3825 1368 3906 videntum·

286 3981 362 4053 quo
380 3961 508 4030 minua
525 3959 588 4029 hio
604 3957 806 4048 systematis
820 3959 859 4029 in
878 3959 912 4030 se
935 3951 1218 4054 praeclarissime
1239 3951 1369 4029 'coliae-

268 4073 402 4159 ¹rantis
426 4080 562 4158 artifex
584 4088 626 4156 in
650 4084 908 4158 fundamentis
933 4083 1127 4179 ponendis.
1142 4083 1188 4157 ab
1206 4087 1369 4158 humana

283 4215 330 4287 ad
355 4231 519 4288 errorem
545 4217 781 4310 proclivitate
814 4213 882 4286 stbi
907 4215 992 4286 satis
1017 4213 1164 4290 caverit.
1284 4209 1292 4216 “

1120 4561 1125 4566 ¹
1235 4469 1366 4572 Cogni-
