3088 4978
177 450 449 526 'sut¹

284 642 504 732 nonnullis,
522 643 736 715 intellectus
753 659 878 712 autem
893 639 1039 716 viribus
1055 643 1239 738 nimium,
1264 671 1376 749 puto,·

283 771 528 860 detraheretl)
554 772 600 842 ad
614 755 894 841 Pantheisnium
912 770 1024 867 adigi.
1050 777 1135 867 Hoc
1150 749 1279 871 potius
1295 797 1379 860 tum

284 897 439 970 demum
473 897 555 970 fieri
571 897 745 986 videtur,
780 893 825 974 li,
854 896 920 990 qui
942 897 1142 972 intellectu
1168 904 1380 986 theoretice

224 1055 226 1061 ’
281 1043 469 1115 utuntur,
520 1027 668 1124 legem
696 1025 910 1097 intellectus
953 1023 1035 1100 lou·
1056 1027 1253 1125 'cogitandi
1282 1035 1377 1112 lor.

277 1157 417 1243 malem
434 1178 502 1251 pro
519 1127 603 1252 lege
621 1152 730 1227 unios
751 1152 909 1231 habent,
937 1153 1051 1226 etiam
1068 1151 1299 1234 existentium
1316 1187 1377 1238 oo·

280 1255 464 1384 gitatiorie
486 1282 690 1354 indicatam
705 1277 963 1358 conflituturs.
1014 1285 1260 1381 Hacquoque
1276 1291 1317 1364 in
1332 1319 1375 1367 re

273 1429 359 1483 ¹non
372 1409 652 1505 Philosophiam
663 1409 781 1508 igitur
797 1410 1020 1506 culpandam
1029 1409 1161 1500 videri,
1178 1413 1238 1486 led
1248 1419 1372 1493 Philo·
1445 1470 1449 1484 .

278 1535 441 1636 lophos,
474 1538 587 1610 liceat
606 1532 720 1626 mihi,
749 1537 992 1638 quantumvis
1012 1563 1115 1612 meae
1136 1541 1178 1612 in
1199 1545 1371 1640 philoso-

273 1668 431 1762 phando
462 1669 656 1738 tenuitatis
680 1667 775 1738 bene
800 1666 895 1736 mihi
919 1667 1088 1746 conscio,
1115 1669 1232 1742 libere
1253 1673 1369 1768 profi.

280 1793 363 1868 teri.
415 1802 546 1890 Neque
572 1796 676 1866 enim
695 1819 779 1883 eos,
807 1796 873 1890 qui
894 1793 961 1866 libi
988 1797 1134 1884 minus,
1161 1823 1273 1893 quam
1289 1801 1368 1894 ,ipli

273 1922 534 2017 philosophiae
568 1923 809 2001 amiciunt,
859 1925 933 2012 hoe
957 1925 1116 2024 indigne
1141 1923 1239 2002 ferre
1264 1927 1369 2024 polle
1524 1961 1526 2010 ς

268 2053 482 2147 praevideo.
1524 2063 1526 2070 ⁴

700 2149 938 2174 ..ιι-ιη

255 2337 264 2354 ,
371 2267 428 2337 Ad
461 2261 651 2356 historiam
674 2267 894 2336 litterariam
917 2265 1137 2357 scriptorum
1164 2268 1360 2362 Spinozee,

254 2417 362 2488 „quae
378 2395 458 2482 hoc
481 2409 586 2466 tomo
609 2393 852 2478 exhibentur,
887 2391 1009 2472 molto
1028 2391 1220 2484 pauciore,
1246 2421 1358 2500 quam

256 2515 418 2618 fquidem
444 2523 491 2594 ad
507 2525 670 2618 priorem
687 2535 850 2620 partem,
877 2517 1043 2592 notanda
1067 2541 1279 2596 occurrunt.

1108 2626 1112 2647 ¹
1258 2625 1271 2655 0

363 2774 525 2850 Nonnili
565 2777 680 2849 semel
712 2775 808 2847 edita
840 2773 996 2848 fuerunt
1028 2776 1096 2847 sub
1126 2777 1238 2870 titulo
1277 2780 1353 2862 iam

131 2920 152 2976 ¹.
263 2909 389 2980 allato.
442 2906 581 2978 Eadem
604 2900 727 2976 forma
749 2919 853 3002 extat
875 2904 1001 2999 imago
1028 2905 1245 3002 Philosophi
1276 2911 1353 2980 aeri

258 3033 393 3113 incita,
419 3057 531 3129 quae.
548 3031 710 3128 proinde
727 3057 815 3110 ,non
831 3055 914 3110 raro
938 3034 1218 3130 exemplaribus
1237 3037 1351 3110 huius

259 3163 440 3241 editionis
471 3161 648 3256 praelixa.
666 3163 860 3256 reperitur.
928 3165 1041 3256 Saepe
1084 3178 1209 3236 tomen
1247 3161 1351 3239 ehest
1422 3225 1427 3230 .

57 3287 60 3294 ’
192 3305 195 3314 ’
255 3293 378 3386 etiam,
404 3313 526 3384 neque
542 3290 588 3365 ad
603 3287 710 3368 illam
729 3288 915 3384 pertinere
931 3287 973 3366 in
991 3285 1221 3384 praefamine
1237 3287 1348 3388 figni-

252 3418 396 3496 fioetur.
457 3417 612 3512 Duplici
650 3414 1035 3492 oirouloinolusain
1066 3417 1239 3512 quadrata
1271 3417 1347 3492 bali

164 3531 167 3538 ’
249 3547 364 3648 hibet
392 3571 552 3620 nomen:
592 3547 904 3624 euhemerus
931 3547 1000 3616 ou
1026 3548 1232 3617 snuoza
1259 3569 1347 3622 cum

252 3673 421 3752 distichis
445 3672 592 3762 tribus,
635 3695 706 3748 neo
721 3673 835 3744 Poeta
857 3647 983 3768 dignis
1004 3695 1075 3749 nec
1099 3669 1346 3770 Philosophoz
1409 3723 1413 3734 ·

408 3875 474 3942 Coi
498 3873 640 3946 Natura.
666 3873 774 3945 Deus,
797 3894 908 3937 rerum
925 3877 979 3938 cui
995 3879 1143 3960 cognitus
1160 3877 1242 3941 ordo
1395 3869 1409 3904 ‘

452 3975 528 4038 lloc
543 3975 679 4058 spinosa
698 3977 780 4039 [latu
795 3977 1043 4061 oonlpieiendua
1058 3991 1134 4041 erat.

300 4104 320 4132 ο
413 4077 600 4162 Exprellere
617 4080 685 4142 Viri
700 4079 839 4154 faciem,
865 4079 919 4142 led
939 4082 1077 4166 pingere
1090 4095 1237 4144 mentem

333 4209 339 4216 -
456 4177 610 4243 zeuxidis
628 4181 766 4246 artifices
780 4199 847 4246 non
865 4184 997 4244 valuere
1012 4201 1139 4246 manus.

409 4283 470 4354 llla
488 4286 577 4368 viget
595 4281 718 4370 scriptis
729 4307 736 4344 :
747 4331 753 4348 ,
764 4286 830 4347 illic
847 4283 995 4348 luhhmis
1012 4295 1139 4352 tracter.

456 4385 557 4448 Hune
572 4391 764 4473 quicunque
786 4389 879 4472 cupis
895 4385 1026 4452 noscere
1042 4385 1157 4472 [cripta
1174 4387 1256 4470 lege.
1296 4479 1312 4546 1

1313 4497 1341 4544 n
